<?xml version="1.0" encoding="UTF-8"?><collection xmlns="http://www.loc.gov/MARC21/slim"><record><leader>00417nam--2200145-i-4500</leader><controlfield tag="001">000028766</controlfield><controlfield tag="002">20161230</controlfield><controlfield tag="005">20161230201037</controlfield><controlfield tag="008">060222s1000------------r-----000-0-eng-d</controlfield><datafield ind1=" " ind2=" " tag="080"><subfield code="a">537.533:669:016</subfield></datafield><datafield ind1=" " ind2=" " tag="100"><subfield code="a">Le Levier, Marie-genevieve</subfield></datafield><datafield ind1=" " ind2=" " tag="245"><subfield code="a">Les applications metallurgiques du bombardement electronique</subfield></datafield><datafield ind1=" " ind2=" " tag="260"><subfield code="a">Saclay, Centre D`Etudes Nucleaires, 1966. 54p</subfield></datafield><datafield ind1=" " ind2=" " tag="490"><subfield code="a">Bibliographies</subfield></datafield><datafield ind1=" " ind2=" " tag="852"><subfield code="a">D.1021</subfield></datafield></record></collection>